@misc {
	Unity,
	title={Documentation Unity3D},
	year={2015},
	note={www.docs.unity3d.com},
}

@misc {
	iconmonstr,
	title={Site d'o√π sont extrait une partie des images},
	year={2015},
	note={http://www.iconmonstr.com},
}

@misc {
	UCLA,
	title={UCLA Mesh Creator},
	note={http://games.ucla.edu/resource/unity-mesh-creator-2/},
	year={2015},
}